<record><leader>01213cam a2200313 a 4500</leader><controlfield tag="001">1337827</controlfield><controlfield tag="008">901122s1985    ja af             0 eng d</controlfield><datafield ind1=" " ind2=" " tag="010"><subfield code="a">   87125677</subfield></datafield><datafield ind1=" " ind2=" " tag="035"><subfield code="a">ocm15725955</subfield></datafield><datafield ind1=" " ind2=" " tag="040"><subfield code="a">DLC</subfield><subfield code="b">eng</subfield><subfield code="c">DLC</subfield></datafield><datafield ind1=" " ind2=" " tag="043"><subfield code="a">a-ja---</subfield></datafield><datafield ind1=" " ind2=" " tag="049"><subfield code="a">AEU</subfield><subfield code="b">eng</subfield></datafield><datafield ind1="0" ind2="0" tag="050"><subfield code="a">DS890.3</subfield><subfield code="b">.A23 1985</subfield></datafield><datafield ind1="0" ind2=" " tag="082"><subfield code="a">327.52</subfield><subfield code="2">19</subfield></datafield><datafield ind1="0" ind2=" " tag="090"><subfield code="a">GOV DOC JP1 EA 85C65</subfield></datafield><datafield ind1="1" ind2=" " tag="100"><subfield code="a">Abe, Shintar&#333;,</subfield><subfield code="d">1924-</subfield></datafield><datafield ind1="1" ind2="0" tag="245"><subfield code="a">Creative diplomacy :</subfield><subfield code="b">Japan's initiative for peace and prosperity /</subfield><subfield code="c">Shintaro Abe.</subfield></datafield><datafield ind1=" " ind2=" " tag="260"><subfield code="a">[Tokyo] :</subfield><subfield code="b">Ministry of Foreign Affairs, Japan,</subfield><subfield code="c">1985.</subfield></datafield><datafield ind1=" " ind2=" " tag="300"><subfield code="a">38 p., [1] leaf of plates :</subfield><subfield code="b">ill. ;</subfield><subfield code="c">21 cm.</subfield></datafield><datafield ind1=" " ind2=" " tag="336"><subfield code="a">text</subfield><subfield code="b">txt</subfield><subfield code="2">rdacontent</subfield></datafield><datafield ind1=" " ind2=" " tag="337"><subfield code="a">unmediated</subfield><subfield code="b">n</subfield><subfield code="2">rdamedia</subfield></datafield><datafield ind1=" " ind2=" " tag="338"><subfield code="a">volume</subfield><subfield code="b">nc</subfield><subfield code="2">rdacarrier</subfield></datafield><datafield ind1=" " ind2=" " tag="500"><subfield code="a">"... abridged version of Nippon Gaiko no Shishin (Guidelines for Japanese diplomacy) ... published in Japanese in October 1984."--Verso of t.p.</subfield></datafield><datafield ind1=" " ind2=" " tag="596"><subfield code="a">38</subfield></datafield><datafield ind1=" " ind2="0" tag="651"><subfield code="a">Japan</subfield><subfield code="x">Foreign relations</subfield><subfield code="y">1945-1989.</subfield></datafield><datafield ind1="1" ind2=" " tag="710"><subfield code="a">Japan.</subfield><subfield code="b">Gaimush&#333;.</subfield></datafield><datafield ind1="0" ind2=" " tag="740"><subfield code="a">Japan's initiative for peace and prosperity.</subfield></datafield><datafield ind1="0" ind2=" " tag="740"><subfield code="a">Nippon Gaiko no Shishin.</subfield></datafield><datafield ind1=" " ind2=" " tag="926"><subfield code="a">GOV DOC JP1 EA 85C65</subfield><subfield code="w">LC</subfield><subfield code="c">1</subfield><subfield code="i">000035092394</subfield><subfield code="l">ON_SHELF</subfield><subfield code="m">UABARD</subfield><subfield code="p">$150.00</subfield><subfield code="r">Y</subfield><subfield code="s">Y</subfield><subfield code="t">BOOK</subfield><subfield code="u">12/5/1990</subfield><subfield code="o">.STAFF. A0038532</subfield></datafield></record>